<record><leader>02041nam a2200493oi 4500</leader><controlfield tag="001">6798537</controlfield><controlfield tag="003">CaONFJC</controlfield><controlfield tag="005">20150113111252.0</controlfield><controlfield tag="006">m        d        </controlfield><controlfield tag="007">cr||n|||||||||</controlfield><controlfield tag="008">140807s2015    cau     ob    001 0 eng d</controlfield><datafield ind1=" " ind2=" " tag="020"><subfield code="a">9781610692618 (paperback)</subfield></datafield><datafield ind1=" " ind2=" " tag="020"><subfield code="a">9781610692625 (ebook)</subfield></datafield><datafield ind1=" " ind2=" " tag="020"><subfield code="a">9781322211152 (MyiLibrary)</subfield></datafield><datafield ind1=" " ind2=" " tag="037"><subfield code="a">652395</subfield><subfield code="b">MIL</subfield></datafield><datafield ind1=" " ind2=" " tag="039"><subfield code="a">exclude</subfield></datafield><datafield ind1=" " ind2=" " tag="040"><subfield code="a">CaONFJC</subfield><subfield code="c">CaONFJC</subfield><subfield code="e">rda</subfield><subfield code="d">AEU</subfield></datafield><datafield ind1="0" ind2="4" tag="050"><subfield code="a">Z716.33</subfield><subfield code="b">.T67 2015eb</subfield></datafield><datafield ind1="0" ind2="4" tag="082"><subfield code="a">027.626</subfield><subfield code="2">23</subfield></datafield><datafield ind1=" " ind2=" " tag="084"><subfield code="a">LAN025000</subfield><subfield code="a">LAN025050</subfield><subfield code="a">LAN025040</subfield><subfield code="2">bisacsh</subfield></datafield><datafield ind1=" " ind2=" " tag="090"><subfield code="a">Internet Access</subfield><subfield code="b">AEGMCT</subfield></datafield><datafield ind1=" " ind2=" " tag="091"><subfield code="a">DO NOT ADD TO THIS RECORD - PSA PROJECT</subfield></datafield><datafield ind1="1" ind2=" " tag="100"><subfield code="a">Torres-Roman, Steven A.,</subfield><subfield code="e">author.</subfield></datafield><datafield ind1="1" ind2="0" tag="245"><subfield code="a">Dragons in the stacks</subfield><subfield code="h">[electronic resource] :</subfield><subfield code="b">a teen librarian's guide to tabletop role-playing /</subfield><subfield code="c">Steven A. Torres-Roman and Cason E. Snow.</subfield></datafield><datafield ind1=" " ind2="1" tag="264"><subfield code="a">Santa Barbara, California  :</subfield><subfield code="b">Libraries Unlimited,</subfield><subfield code="c">[2015]</subfield></datafield><datafield ind1=" " ind2=" " tag="300"><subfield code="a">1 online resource (xxxi, 212 pages)</subfield></datafield><datafield ind1=" " ind2=" " tag="336"><subfield code="a">text</subfield><subfield code="b">txt</subfield><subfield code="2">rdacontent</subfield></datafield><datafield ind1=" " ind2=" " tag="337"><subfield code="a">computer</subfield><subfield code="b">c</subfield><subfield code="2">rdamedia</subfield></datafield><datafield ind1=" " ind2=" " tag="338"><subfield code="a">online resource</subfield><subfield code="b">cr</subfield><subfield code="2">rdacarrier</subfield></datafield><datafield ind1="1" ind2=" " tag="490"><subfield code="a">Libraries Unlimited Professional Guides for Young Adult Librarians</subfield></datafield><datafield ind1=" " ind2=" " tag="504"><subfield code="a">Includes bibliographical references (pages 199-203) and index.</subfield></datafield><datafield ind1=" " ind2=" " tag="506"><subfield code="a">Access restricted to authorized users and institutions.</subfield></datafield><datafield ind1=" " ind2=" " tag="588"><subfield code="a">Description based on print version record.</subfield></datafield><datafield ind1=" " ind2=" " tag="596"><subfield code="a">57</subfield></datafield><datafield ind1=" " ind2="0" tag="650"><subfield code="a">Young adults' libraries</subfield><subfield code="x">Activity programs.</subfield></datafield><datafield ind1=" " ind2="0" tag="650"><subfield code="a">Libraries</subfield><subfield code="x">Special collections</subfield><subfield code="x">Games.</subfield></datafield><datafield ind1=" " ind2="0" tag="650"><subfield code="a">Libraries and teenagers.</subfield></datafield><datafield ind1=" " ind2="0" tag="650"><subfield code="a">Fantasy games.</subfield></datafield><datafield ind1=" " ind2="0" tag="650"><subfield code="a">Role playing.</subfield></datafield><datafield ind1="1" ind2=" " tag="700"><subfield code="a">Snow, Cason E.,</subfield><subfield code="e">author.</subfield></datafield><datafield ind1=" " ind2="0" tag="830"><subfield code="a">Libraries Unlimited Professional Guides for Young Adult Librarians</subfield></datafield><datafield ind1="4" ind2="0" tag="856"><subfield code="3">MacEwan University Access</subfield><subfield code="u">http://lib.myilibrary.com/detail.asp?ID=652395</subfield><subfield code="z">(Single User Access)</subfield></datafield><datafield ind1=" " ind2=" " tag="949"><subfield code="w">ORDER</subfield><subfield code="h">UAIN</subfield><subfield code="m">GR_MAC_INT</subfield><subfield code="z">MILGMPSA</subfield></datafield><datafield ind1=" " ind2=" " tag="926"><subfield code="a">Internet Access</subfield><subfield code="w">ORDER</subfield><subfield code="c">1</subfield><subfield code="i">6798537-1001</subfield><subfield code="l">INTERNET</subfield><subfield code="m">GR_MAC_INT</subfield><subfield code="r">Y</subfield><subfield code="s">Y</subfield><subfield code="t">E-RESOURCE</subfield><subfield code="u">2/3/2015</subfield><subfield code="x">E-BOOK</subfield><subfield code="z">MILGMPSA</subfield></datafield></record>